<?xml version="1.0" encoding="UTF-8"?><collection xmlns="http://www.loc.gov/MARC21/slim"><record><leader>00394nam--2200169-i-4500</leader><controlfield tag="001">000015384</controlfield><controlfield tag="002">20161230</controlfield><controlfield tag="005">20170225200042</controlfield><controlfield tag="008">060222s1000------------r-----000-0-eng-d</controlfield><datafield ind1=" " ind2=" " tag="080"><subfield code="a">549.678</subfield></datafield><datafield ind1=" " ind2=" " tag="100"><subfield code="a">Bedelean, Ioan</subfield></datafield><datafield ind1=" " ind2=" " tag="245"><subfield code="a">Zeoliti</subfield></datafield><datafield ind1=" " ind2=" " tag="260"><subfield code="a">Bucuresti</subfield><subfield code="b">Editura Tehnica</subfield><subfield code="c">1984</subfield></datafield><datafield ind1=" " ind2=" " tag="300"><subfield code="a">228 p</subfield></datafield><datafield ind1=" " ind2=" " tag="700"><subfield code="a">Stoici, Slobodan D</subfield></datafield><datafield ind1=" " ind2=" " tag="852"><subfield code="a">72271</subfield></datafield><datafield ind1=" " ind2=" " tag="CAT"><subfield code="a">SYS</subfield><subfield code="c">20170225</subfield><subfield code="h">200042</subfield></datafield></record></collection>